<?xml version="1.0" encoding="UTF-8"?>
<marc:collection xmlns:marc="http://www.loc.gov/MARC21/slim">
    <marc:record>
        <marc:leader>01275ctm a2200325 4500</marc:leader>
        <marc:controlfield tag="001">0001140429</marc:controlfield>
        <marc:controlfield tag="003">DE-576</marc:controlfield>
        <marc:controlfield tag="005">20110728102508.0</marc:controlfield>
        <marc:controlfield tag="007">tu</marc:controlfield>
        <marc:controlfield tag="008">110324s1301 xx 00 0 lat c</marc:controlfield>
        <marc:datafield tag="016" ind1=" " ind2=" ">
            <marc:subfield code="a">(OCoLC)712579864</marc:subfield>
        </marc:datafield>
        <marc:datafield tag="035" ind1=" " ind2=" ">
            <marc:subfield code="a">(DE-599)BSZ339310030</marc:subfield>
        </marc:datafield>
        <marc:datafield tag="040" ind1=" " ind2=" ">
            <marc:subfield code="a">DE-576</marc:subfield>
            <marc:subfield code="b">ger</marc:subfield>
            <marc:subfield code="c">DE-576</marc:subfield>
            <marc:subfield code="e">rakwb</marc:subfield>
        </marc:datafield>
        <marc:datafield tag="041" ind1="0" ind2=" ">
            <marc:subfield code="a">lat</marc:subfield>
        </marc:datafield>
        <marc:datafield tag="046" ind1=" " ind2=" ">
            <marc:subfield code="j">ad14</marc:subfield>
            <marc:subfield code="2">DE-576</marc:subfield>
        </marc:datafield>
        <marc:datafield tag="245" ind1="1" ind2="0">
            <marc:subfield code="a">[Theologische Sammelhandschrift] - Ms 152</marc:subfield>
        </marc:datafield>
        <marc:datafield tag="246" ind1="3" ind2="0">
            <marc:subfield code="a">Ms.152 Cod.152 Cod 152 Cod. Lips. 152</marc:subfield>
        </marc:datafield>
        <marc:datafield tag="260" ind1=" " ind2=" ">
            <marc:subfield code="a">[S.l.],</marc:subfield>
            <marc:subfield code="c">[14. Jh.]</marc:subfield>
        </marc:datafield>
        <marc:datafield tag="300" ind1=" " ind2=" ">
            <marc:subfield code="a">122 Bl.</marc:subfield>
        </marc:datafield>
        <marc:datafield tag="340" ind1=" " ind2=" ">
            <marc:subfield code="a">Pergament</marc:subfield>
        </marc:datafield>
        <marc:datafield tag="500" ind1=" " ind2=" ">
            <marc:subfield code="a">Kurzaufnahme der Handschrift. - Quelle: Helssig, Rudolf: Die lateinischen und
                deutschen Handschriften der Universitätsbibliothek Leipzig, Bd. 1: Die theologischen Handschriften. Teil
                1. - Unveränd. Nachdr. der Aufl. 1926. - Wiesbaden : Harrassowitz, 1995. - (Katalog der Handschriften
                der Universitätsbibliothek Leipzig ; 4)
            </marc:subfield>
        </marc:datafield>
        <marc:datafield tag="856" ind1="4" ind2="2">
            <marc:subfield code="u">http://www.manuscripta-mediaevalia.de/obj31560861.html</marc:subfield>
            <marc:subfield code="3">Handschriftenkatalog</marc:subfield>
        </marc:datafield>
        <marc:datafield tag="935" ind1=" " ind2=" ">
            <marc:subfield code="b">handschr</marc:subfield>
        </marc:datafield>
        <marc:datafield tag="856" ind1=" " ind2=" ">
            <marc:subfield code="9">DE-15</marc:subfield>
            <marc:subfield code="u">http://www.manuscripta-mediaevalia.de/obj31560861.html</marc:subfield>
            <marc:subfield code="i">nd14</marc:subfield>
            <marc:subfield code="i">nd2</marc:subfield>
        </marc:datafield>
        <marc:datafield tag="982" ind1=" " ind2=" ">
            <marc:subfield code="a">(DE-15)7006414076</marc:subfield>
            <marc:subfield code="x">1</marc:subfield>
        </marc:datafield>
        <marc:datafield tag="969" ind1=" " ind2=" ">
            <marc:subfield code="b">Keine</marc:subfield>
            <marc:subfield code="x">1</marc:subfield>
        </marc:datafield>
        <marc:datafield tag="983" ind1=" " ind2=" ">
            <marc:subfield code="a">(DE-15)2376441</marc:subfield>
        </marc:datafield>
        <marc:datafield tag="969" ind1=" " ind2=" ">
            <marc:subfield code="c">AH</marc:subfield>
        </marc:datafield>
        <marc:datafield tag="852" ind1=" " ind2=" ">
            <marc:subfield code="a">DE-15</marc:subfield>
            <marc:subfield code="z">2011-07-28T10:24:45Z</marc:subfield>
        </marc:datafield>
        <marc:datafield tag="980" ind1=" " ind2=" ">
            <marc:subfield code="a">339310030</marc:subfield>
            <marc:subfield code="b">0</marc:subfield>
            <marc:subfield code="c">201403061351</marc:subfield>
        </marc:datafield>
    </marc:record>
</marc:collection>